@article{badros2001cassowary,
  title={The Cassowary linear arithmetic constraint solving algorithm},
  author={Badros, Greg J and Borning, Alan and Stuckey, Peter J},
  journal={ACM Transactions on Computer-Human Interaction (TOCHI)},
  volume={8},
  number={4},
  pages={267--306},
  year={2001},
  publisher={ACM New York, NY, USA}
}

@inproceedings{liffiton2012cardinality,
  title={A cardinality solver: more expressive constraints for free},
  author={Liffiton, Mark H and Maglalang, Jordyn C},
  booktitle={International Conference on Theory and Applications of Satisfiability Testing},
  pages={485--486},
  year={2012},
  organization={Springer}
}

@inproceedings{ignatiev2018pysat,
  title={PySAT: A Python toolkit for prototyping with SAT oracles},
  author={Ignatiev, Alexey and Morgado, Antonio and Marques-Silva, Joao},
  booktitle={International Conference on Theory and Applications of Satisfiability Testing},
  pages={428--437},
  year={2018},
  organization={Springer}
}

@misc{berkeley08,
    author={Mike Clancy, David Wagner},
    title={Discrete Mathematics for CS, Lecture 8},
    url={https://people.eecs.berkeley.edu/~daw/teaching/cs70-s05/Notes/lecture08.pdf},
    year={2005},
    organization={Berkeley}
}

@misc{berkeley09,
    author={Mike Clancy, David Wagner},
    title={Discrete Mathematics for CS, Lecture 9},
    url={https://people.eecs.berkeley.edu/~daw/teaching/cs70-s05/Notes/lecture09.pdf},
    year={2005},
    organization={Berkeley}
}
